@article{rfc2818,
    author = {Eric Rescorla},
    title = {HTTP Over TLS},
    month = may,
    year = {2000},
    numpages = {7},
    url = {https://datatracker.ietf.org/doc/html/rfc2818},
    doi = {},
    address = {},
}

@article{SOAP-20000508,
    author = {Don Box and David Ehnebuske and Gopal Kakivaya and Andrew Layman and Noah Mendelsohn and Henrik Frystyk Nielsen and Satish Thatte and Dave Winer},
    title = {Simple Object Access Protocol (SOAP) 1.1 },
    month = may,
    year = {2000},
    numpages = {},
    url = {https://www.w3.org/TR/2000/NOTE-SOAP-20000508/},
    doi = {},
    address = {},
}

@article{rfc1945,
    author = {Henrik Nielsen and Roy T. Fielding and Tim Berners-Lee},
    title = {Hypertext Transfer Protocol -- {HTTP}/1.0},
    month = may,
    year = {1996},
    numpages = {60},
    url = {https://datatracker.ietf.org/doc/html/rfc1945},
    doi = {},
    address = {},
}

@article{rfc2616,
    author = {Henrik Nielsen and Jeffrey Mogul and Larry M Masinter and Roy T. Fielding and Jim Gettys and Paul J. Leach and Tim Berners-Lee},
    title = {Hypertext Transfer Protocol -- HTTP/1.1},
    month = jun,
    year = {1999},
    numpages = {176},
    url = {https://datatracker.ietf.org/doc/html/rfc2616},
    doi = {},
    address = {},
}

@article{rfc9113,
    author = {Martin Thomson and Cory Benfield},
    title = {HTTP/2},
    month = jun,
    year = {2022},
    numpages = {},
    url = {https://datatracker.ietf.org/doc/html/rfc9113},
    doi = {},
    address = {},
}

@INPROCEEDINGS{7179400,
    author={de Saxc√©, Hugues and Oprescu, Iuniana and Chen, Yiping},
    booktitle={2015 IEEE Conference on Computer Communications Workshops (INFOCOM WKSHPS)},
    title={Is HTTP/2 really faster than HTTP/1.1?},
    year={2015},
    volume={},
    number={},
    pages={293-299},
    doi={10.1109/INFCOMW.2015.7179400}}


@INPROCEEDINGS{7745823,
    author={Corbel, Romuald and Stephan, Emile and Omnes, Nathalie},
    booktitle={2016 13th International Conference on New Technologies for Distributed Systems (NOTERE)},
    title={HTTP/1.1 pipelining vs HTTP2 in-the-clear: Performance comparison},
    year={2016},
    volume={},
    number={},
    pages={1-6},
    doi={10.1109/NOTERE.2016.7745823}}

@online{protobuf,
    author = {Google LLC},
    title = {Protocol Buffers Version 3 Language Specification},
    year = {2023},
    urldate = {03.11.2023},
    url = {https://protobuf.dev/reference/protobuf/proto3-spec/},
}

@book{gancarz2003linux,
    title={Linux and the Unix philosophy},
    author={Gancarz, Mike},
    year={2003},
    publisher={Digital Press},
    pages = {23},
}

@online{kubernetescomponents,
    author = {The Linux Foundation},
    title = {Kubernetes Components},
    year = {2023},
    urldate = {19.11.2023},
    url = {https://kubernetes.io/docs/concepts/overview/components/},
}

@online{kubernetesservices,
    author = {The Linux Foundation},
    title = {Service},
    year = {2023},
    urldate = {19.11.2023},
    url = {https://kubernetes.io/docs/concepts/services-networking/service/},
}

@online{xds,
    author = {Envoy Project},
    title = {xDS REST and gRPC protocol},
    year = {2023},
    urldate = {31.12.2023},
    url = {https://www.envoyproxy.io/docs/envoy/latest/api-docs/xds_protocol},
}

@online{github,
    author = {Lars Hick},
    title = {Lastverteilung von HTTP/2-Anfragen in Kubernetes},
    year = {2023},
    urldate = {31.12.2023},
    url = { https://github.com/eljoth/http2-loadbalancing-kubernetes},
}

@INPROCEEDINGS{kubernetesNetworking,
    title={Networking in Kubernetes},
    author={Agrawal, Himanshu},
    booktitle={Kubernetes Fundamentals: A Step-by-Step Development and Interview Guide},
    pages={211--247},
    year={2023},
    publisher={Springer}
}

@INPROCEEDINGS{koschel2021look,
    title={A look at service meshes},
    author={Koschel, Arne and Bertram, Marvin and Bischof, Richard and Schulze, Kevin and Schaaf, Marc and Astrova, Irina},
    booktitle={2021 12th International Conference on Information, Intelligence, Systems \& Applications (IISA)},
    pages={1--8},
    year={2021},
    organization={IEEE}
}
